@book{AsterE2,
     TITLE = {Parameter Estimation and Inverse Problems},
     AUTHOR = {R. C. Aster and B. Borchers and C. H. Thurber},
     PUBLISHER = {Elsevier},
     ADDRESS = {Waltham, Mass., USA},
     EDITION = {2},
     YEAR = {2012}
}

@book{Tarantola2005,
     TITLE = {Inverse Problem Theory and Methods for Model Parameter Estimation},
     AUTHOR = {A. Tarantola},
     PUBLISHER = {SIAM},
     ADDRESS = {Philadelphia, Penn., USA},
     YEAR = {2005}
}

@incollection{vonNeumann1951,
     AUTHOR = {J. {von Neumann}},
     TITLE = {{Various techniques used in connection with random digits}},
     BOOKTITLE = {{Monte Carlo Method}},
     SERIES = {Applied Mathematics Series},
     VOLUME = {12},
     PUBLISHER = {U.S. Dept. Commerce Nat. Bureau Standards},
     PAGES = {36--38},
     NOTE = {Summary written by G. E. Forsythe},
     YEAR = {1951}
}
@article{Gneiting2012,
     AUTHOR = {T. Gneiting and H. Sevcikova and D. P. Percival},
     TITLE = {{Estimators of fractal dimension: Assessing the roughness of time series and spatial data}},
     JOURNAL = {Statistical Science},
     PAGES = {247--277},
     VOLUME = {27},
     NUMBER = {2},
     YEAR = {2012}
}